% Encoding: UTF-8
@book{Knuth1998,
 author = {Knuth, Donald E.},
 title = {The art of computer programming,  volume 3: (2nd ed.) sorting and searching},
 year = {1998},
 publisher = {Addison Wesley Longman Publishing Co., Inc.},
 address = {Redwood City, CA, USA}
}

@book{Pollefliet2011,
  author = {Pollefliet, Leen},
  title = {Schrijven van verslag tot eindwerk: do's en don'ts},
  year = {2011},
  publisher = {Academia Press},
  address = {Gent}
}

@article{Creeger2009,
  author = {Creeger, Mache},
  journal = {Communications of the ACM},
  number = {8},
  pages = {50--56},
  title = {{CTO Roundtable: Cloud Computing}},
  volume = {52},
  year = {2009}
}

% ------------------------

% Encoding: UTF-8

@Article{Castles1993,
  author       = {Castles, Anne and Coltheart, Max},
  date         = {1993-05},
  journaltitle = {Cognition},
  title        = {Varieties of developmental dyslexia},
  doi          = {10.1016/0010-0277(93)90003-e},
  issn         = {0010-0277},
  number       = {2},
  pages        = {149--180},
  volume       = {47},
  publisher    = {Elsevier BV},
}

@Comment{Farokhi2016,
   author       = {Farokhi, Sajad and Flusser, Jan and Ullah Sheikh, Usman},
   date         = {2016-08},
   journaltitle = {Computer Science Review},
   title        = {Near infrared face recognition: A literature survey},
   doi          = {10.1016/j.cosrev.2016.05.003},
   issn         = {1574-0137},
   pages        = {1--17},
   volume       = {21},
   publisher    = {Elsevier BV},
}

@Article{Bowyer2006,
  author       = {Bowyer, Kevin W. and Chang, Kyong and Flynn, Patrick},
  date         = {2006-01},
  journaltitle = {Computer Vision and Image Understanding},
  title        = {A survey of approaches and challenges in 3D and multi-modal 3D+2D face recognition},
  doi          = {10.1016/j.cviu.2005.05.005},
  issn         = {1077-3142},
  number       = {1},
  pages        = {1--15},
  volume       = {101},
  publisher    = {Elsevier BV},
}

@InProceedings{Bhatt2011,
  author    = {Bhatt, Himanshu S. and Bharadwaj, Samarth and Vatsa, Mayank and Singh, Richa and Ross, Arun and Noore, Afzel},
  booktitle = {2011 International Joint Conference on Biometrics (IJCB)},
  date      = {2011-10},
  title     = {A framework for quality-based biometric classifier selection},
  doi       = {10.1109/ijcb.2011.6117518},
  publisher = {IEEE},
}

@Online{Addy2015,
  author  = {Addy, Osmani},
  date    = {2015-12},
  editor  = {Google},
  title   = {Getting started with Progressive Web Apps},
  url     = {https://developer.chrome.google.cn/blog/getting-started-pwa},
  urldate = {2024-05},
}

@Article{Pant2022,
  author       = {Pant, Piyush and Rajawat, Anand Singh and Goyal, S.B. and Bedi, Pradeep and Verma, Chaman and Raboaca, Maria Simona and Enescu, Florentina Magda},
  date         = {2022},
  journaltitle = {Procedia Computer Science},
  title        = {Authentication and Authorization in Modern Web Apps for Data Security Using Nodejs and Role of Dark Web},
  doi          = {10.1016/j.procs.2022.12.080},
  issn         = {1877-0509},
  pages        = {781--790},
  volume       = {215},
  publisher    = {Elsevier BV},
}

@Comment{React2013,
   author  = {Walke, Jordan},
   date    = {2013-05},
   editor  = {React},
   title   = {Quick Start},
   url     = {https://react.dev/learn},
   note    = {Currently, React has over a thousand open source contributors.},
   urldate = {2024-05},
}

@Article{Gandikota2023,
  author       = {Gandikota, Prasanth Satya Sai Kiran and Valluri, Deekshitha and Mundru, Sathvik Babu and Yanala, Gopi Krishna and Sushaini, S},
  date         = {2023},
  journaltitle = {Procedia Computer Science},
  title        = {Web Application Security through Comprehensive Vulnerability Assessment},
  doi          = {10.1016/j.procs.2023.12.072},
  issn         = {1877-0509},
  pages        = {168--182},
  urldate      = {2024-05},
  volume       = {230},
  publisher    = {Elsevier BV},
}

@Article{Ezugwu2023,
  author       = {Ezugwu, Assumpta and Ukwandu, Elochukwu and Ugwu, Celestine and Ezema, Modesta and Olebara, Comfort and Ndunagu, Juliana and Ofusori, Lizzy and Ome, Uchenna},
  date         = {2023-09},
  journaltitle = {Scientific African},
  title        = {Password-based authentication and the experiences of end users},
  doi          = {10.1016/j.sciaf.2023.e01743},
  issn         = {2468-2276},
  pages        = {e01743},
  volume       = {21},
  publisher    = {Elsevier BV},
}

@Article{ElSayed2015,
  author       = {El-Sayed, Mohamed A. and Hamed, Kadry},
  date         = {2015},
  journaltitle = {Journal of Software Engineering and Applications},
  title        = {Study of Similarity Measures with Linear Discriminant Analysis for Face Recognition},
  doi          = {10.4236/jsea.2015.89046},
  issn         = {1945-3124},
  number       = {09},
  pages        = {478--488},
  volume       = {08},
  publisher    = {Scientific Research Publishing, Inc.},
}

@WWW{Firebase2011,
  author   = {Tamplin, James and Lee, Andrew},
  date     = {2011},
  title    = {Firebase Authentication},
  url      = {https://firebase.google.com/docs/auth},
  note     = {custom authentication},
  subtitle = {Custom auth system integration},
  urldate  = {2024-05},
}

@Article{Aktar2020,
  author       = {Aktar, Mousumi and Rana, Md. Masud and Sarker, Nayan and Hossain, Md. Sanwar},
  date         = {2020},
  journaltitle = {Journal of Sensor Technology},
  title        = {Comparative Analysis on Antenna Balun and Feeding Techniques of Step Constant Tapered Slot Antenna},
  doi          = {10.4236/jst.2020.103003},
  issn         = {2161-1238},
  number       = {03},
  pages        = {31--45},
  volume       = {10},
  publisher    = {Scientific Research Publishing, Inc.},
}

@Online{Brewer2023,
  author       = {Brewer, Judy and Henry, Shawn, Lawton},
  date         = {2023-09-21},
  editor       = {W3C},
  title        = {Web Content Accessibility Guidelines (WCAG) 2.1},
  url          = {https://www.w3.org/TR/WCAG21/},
  organization = {WAI},
  urldate      = {2024-05},
}

@Book{Lazar2015,
  author = {Lazar, Jonathan and Goldstein, Daniel and Taylor, Anne},
  date   = {2015},
  title  = {Ensuring Digital Accessibility through Process and Policy},
  pages  = {1-19},
}

@Article{Bahia2024,
  author       = {Bahia, Yahya-Zoubir and Meriem, Fedila and Messaoud, Bengherabi},
  date         = {2024-04},
  journaltitle = {Engineering Applications of Artificial Intelligence},
  title        = {Face spoofing detection using Heterogeneous Auto-Similarities of Characteristics},
  doi          = {10.1016/j.engappai.2023.107788},
  issn         = {0952-1976},
  pages        = {107788},
  volume       = {130},
  publisher    = {Elsevier BV},
}

@InProceedings{Bonneau2012,
  author    = {Bonneau, Joseph and Herley, Cormac and Oorschot, Paul C. van and Stajano, Frank},
  booktitle = {2012 IEEE Symposium on Security and Privacy},
  date      = {2012-05},
  title     = {The Quest to Replace Passwords: A Framework for Comparative Evaluation of Web Authentication Schemes},
  doi       = {10.1109/sp.2012.44},
  publisher = {IEEE},
}

@Online{Rochford2014,
  author   = {Rochford, John},
  date     = {2014-12},
  editor   = {clearhelper.blog},
  title    = {Online Security and Privacy for People with Cognitive Disabilities: Challenges and Solutions},
  url      = {https://clearhelper.blog/2014/12/01/online-security-privacy-for-people-with-cognitive-disabilities-challenges-solutions/},
  subtitle = {Challenges for People with Cognitive Disabilities},
  urldate  = {2024-05},
}

@Article{Kuznetsov2024,
  author       = {Kuznetsov, Oleksandr and Zakharov, Dmytro and Frontoni, Emanuele and Maranesi, Andrea},
  date         = {2024-06},
  journaltitle = {Computers amp; Security},
  title        = {AttackNet: Enhancing biometric security via tailored convolutional neural network architectures for liveness detection},
  doi          = {10.1016/j.cose.2024.103828},
  issn         = {0167-4048},
  pages        = {103828},
  volume       = {141},
  publisher    = {Elsevier BV},
}

@Thesis{FirebaseBackend2022,
  author = {Szekér, Ruben},
  title  = {Kostenefficiënte implementaties van standaard functionaliteiten binnen (web) applicaties met een Firebase backend},
  note   = {Cost Efficiency of Firebase as a Backend Service},
  url    = {https://thesis.hogent.be/2021-2022/985_201745721_PBA-TIN2_scriptie.pdf},
  school = {Hogeschool Gent},
  year   = {2022},
}

@Book{Jain2008,
  author    = {Jain, Anil K. and Flynn, Patrick and Ross, Arun A.},
  date      = {2008},
  title     = {Handbook of Biometrics},
  chapter   = {3},
  pages     = {43-70},
  publisher = {Springer Science+Business Media},
  location  = {New York, NY},
  isbn      = {978-0-387-71040-2},
}

{Allen2023,
%   author  = {Allen, John and Kelleher, Caitlin},
%   title   = {React example viability for efficient API learning (REVEAL): A tool to help programmers utilize incompatible code examples in React.js},
%   doi     = {10.1016/j.cola.2023.101201},
%   pages   = {1-4},
%   url     = {https://doi.org/10.1016/j.cola.2023.101201},
%   volume  = {75},
%   journal = {Journal of Computer Languages},
%   year    = {2023},
% }

@Thesis{VanSchepdael2023,
  author      = {Van Schepdael, Janne},
  date        = {2023},
  institution = {University of Applied Sciences and Arts},
  title       = {Van idee tot implementatie in Angular en React: Een vergelijkende studie met proof of concept},
  type        = {Bachelor's thesis},
  chapter     = {2},
  language    = {Dutch},
  note        = {From Idea to Implementation in Angular and React: A Comparative Study with Proof of Concept},
  pages       = {2.1.2},
  subtitle    = {React},
  url         = {https://thesis.hogent.be/2022-2023/1433_201753081_PBA-TIN_scriptie.pdf},
  urldate     = {2024-05},
}

@Thesis{DyslexiaThesis2023,
  author      = {Al Asmar, Masarrat and Willems, Daniëlle},
  date        = {2020},
  institution = {University of Ghent},
  title       = {(Jong)volwassenen met dyslexie en/of dyscalculie in transitie naar de arbeidsmarkt},
  type        = {bathesis},
  language    = {Dutch},
  note        = {Section 1.1 Dyslexie en/of dyscalculie},
  url         = {https://thesis.hogent.be/2019-2020/1140_201641037_PBA-LA_scriptie.pdf},
  urldate     = {2024-05},
  note = {Young Adults with Dyslexia and/or Dyscalculia in Transition to the Labor Market},
}

@Article{Sarkar2020,
  author       = {Sarkar, Arpita and Singh, Binod K.},
  date         = {2020-07},
  journaltitle = {Multimedia Tools and Applications},
  title        = {A review on performance, security and various biometric template protection schemes for biometric authentication systems},
  doi          = {10.1007/s11042-020-09197-7},
  issn         = {1573-7721},
  number       = {37-38},
  pages        = {27721--27776},
  volume       = {79},
  publisher    = {Springer Science and Business Media LLC},
}

@Article{Furnell2022,
  author       = {Furnell, Steven and Helkala, Kirsi and Woods, Naomi},
  date         = {2022-02},
  journaltitle = {Computers and Security},
  title        = {Accessible authentication: Assessing the applicability for users with disabilities},
  doi          = {10.1016/j.cose.2021.102561},
  issn         = {0167-4048},
  pages        = {102561},
  volume       = {113},
  publisher    = {Elsevier BV},
}

@Article{Gorman2003,
  author       = {O'Gorman, L.},
  date         = {2003-12},
  journaltitle = {Proceedings of the IEEE},
  title        = {Comparing passwords, tokens, and biometrics for user authentication},
  doi          = {10.1109/jproc.2003.819611},
  issn         = {0018-9219},
  number       = {12},
  pages        = {2021--2040},
  volume       = {91},
  publisher    = {Institute of Electrical and Electronics Engineers (IEEE)},
}

@InProceedings{Farid2019,
  author    = {Farid, Farnaz and Ahamed, Farhad},
  booktitle = {2019 International Conference on Electrical Engineering Research and Practice (ICEERP)},
  date      = {2019-11},
  title     = {Biometric Authentication for Dementia Patients with Recurrent Neural Network},
  doi       = {10.1109/iceerp49088.2019.8956981},
  pages     = {1--6},
  publisher = {IEEE},
}

@Thesis{Renaud2020,
  author      = {Renaud, Karen and Johnson, Graham and Ophoff, Jacques},
  date        = {2020-06},
  institution = {School of Design and Informatics, Abertay University, Dundee},
  title       = {Dyslexia and Password Usage: Accessibility in Authentication Design},
  type        = {bathesis},
  pages       = {259--268},
}

@InProceedings{Ophoff2021,
  author     = {Ophoff, Jacques and Johnson, Graham and Renaud, Karen},
  booktitle  = {Proceedings of the 18th International Web for All Conference},
  date       = {2021-04},
  title      = {Cognitive function vs. accessible authentication: insights from dyslexia research},
  doi        = {10.1145/3430263.3452427},
  pages      = {1--5},
  publisher  = {ACM},
  series     = {W4A '21},
  collection = {W4A '21},
}

@online{IALabs2024,
  author = {{IA Labs}},
  title = {Accessibility Challenges in MFA},
  year = {2024},
  url = {https://ialabs.ie/accessibility-challenges-in-mfa/},
  urldate = {2024-12-16},
  organization = {IA Labs},
  note = {Last retrieved at: 2024-12-16}
}

@Article{Distante2022,
  author       = {Distante, Cosimo and Fineo, Laura and Mainetti, Luca and Manco, Luigi and Taccardi, Benito and Vergallo, Roberto},
  date         = {2022-08},
  journaltitle = {Journal of Risk and Financial Management},
  title        = {HF-SCA: Hands-Free Strong Customer Authentication Based on a Memory-Guided Attention Mechanisms},
  doi          = {10.3390/jrfm15080342},
  issn         = {1911-8074},
  number       = {8},
  pages        = {342},
  urldate      = {2024-12-16},
  volume       = {15},
  publisher    = {MDPI AG},
}

@Article{Dominguez2017,
  author       = {Domínguez, César and Heras, Jónathan and Pascual, Vico},
  date         = {2017-05},
  journaltitle = {Computers in Biology and Medicine},
  title        = {IJ-OpenCV: Combining ImageJ and OpenCV for processing images in biomedicine},
  doi          = {10.1016/j.compbiomed.2017.03.027},
  issn         = {0010-4825},
  pages        = {189--194},
  volume       = {84},
  publisher    = {Elsevier BV},
}

@InProceedings{ZhangDlib2020,
  author    = {Zhang, Dujuan and Li, Jie and Shan, Zhenfang},
  booktitle = {2020 International Conference on Robots and Intelligent System (ICRIS)},
  date      = {2020-11},
  title     = {Implementation of Dlib Deep Learning Face Recognition Technology},
  doi       = {10.1109/icris52159.2020.00030},
  pages     = {88--91},
  publisher = {IEEE},
}

@online{Vageele2024,
  author = {Vageele, Neeraj},
  title = {Build your own face recognition web app using face-api.js},
  year = {2024},
  url = {https://medium.com/@neerajvageele451/build-your-own-face-recognition-web-app-using-face-api-js-7982cd4a8bdb},
  urldate = {2024-12-16},
  organization = {Medium},
  note = {Last retrieved at: 2024-12-16},
  keywords = {face recognition, web app, face-api.js, JavaScript},
}

@article{Kortli2020,
  author    = {Yassin Kortli and Maher Jridi and Ayman Al Falou and Mohamed Atri},
  title     = {Face Recognition Systems: A Survey},
  journal   = {Sensors},
  volume    = {20},
  number    = {2},
  pages     = {342},
  year      = {2020},
  doi       = {10.3390/s20020342}
}

@article{Abusham2023,
  author    = {Eimad Abusham and Basil Ibrahim and Kashif Zia and Muhammad Rehman},
  title     = {Facial Image Encryption for Secure Face Recognition System},
  journal   = {Electronics},
  volume    = {12},
  number    = {3},
  pages     = {774},
  year      = {2023},
  doi       = {10.3390/electronics12030774}
}

@inproceedings{Sharif2016,
  author    = {Mahmood Sharif and Sruti Bhagavatula and Lujo Bauer and Michael K. Reiter},
  title     = {Accessorize to a Crime: Real and Stealthy Attacks on State-of-the-Art Face Recognition},
  booktitle = {Proceedings of the 23rd ACM SIGSAC Conference on Computer and Communications Security (CCS)},
  pages     = {1528--1540},
  year      = {2016},
  publisher = {ACM},
  doi       = {10.1145/2976749.2978392}
}

@inproceedings{Dang2020,
  author    = {Thao Minh Dang and Lam Tran and Thuc Duy Nguyen and Deokjai Choi},
  title     = {{FEHash}: Full Entropy Hash for Face Template Protection},
  booktitle = {Proceedings of the IEEE/CVF Conference on Computer Vision and Pattern Recognition Workshops (CVPRW)},
  year      = {2020},
  pages     = {72--73}
}

@misc{AppleFaceID,
  author       = {{Apple Inc.}},
  title        = {About Face ID advanced technology},
  howpublished = {\url{https://support.apple.com/guide/security/face-id-advanced-technology-sec3ffe98d84/web}},
  note         = {Accessed 07-Mar-2025}
}

@misc{MSHelloTPM,
  author       = {{Microsoft Support}},
  title        = {What's a Trusted Platform Module (TPM)?},
  howpublished = {\url{https://support.microsoft.com/en-us/topic/what-s-a-trusted-platform-module-tpm-705f241d-025d-4470-80c5-4feeb24fa1ee}},
  note         = {Accessed 07-Mar-2025}
}

@misc{KairosThreshold,
  author       = {Kairos},
  title        = {The Secret to Better Face Recognition Accuracy: Thresholds},
  howpublished = {\url{https://face.kairos.com/blog/the-secret-to-better-face-recognition-accuracy-thresholds}},
  note         = {Accessed 07-Mar-2025}
}

@misc{BairesDevDeepfake,
  author       = {{BairesDev Editorial Team}},
  title        = {AI Deepfakes: A Threat to Facial Biometric Authentication},
  howpublished = {\url{https://www.bairesdev.com/blog/ai-deepfakes-biometric-authentication/}},
  note         = {Accessed 07-Mar-2025}
}

@misc{IDRandMultimodal,
  author       = {{ID R\&D}},
  title        = {IDSquared: Multimodal Biometric Authentication},
  howpublished = {\url{https://www.idrnd.ai/idsquared-multimodal-biometrics-mobile-apps/}},
  note         = {Accessed 07-Mar-2025}
}

@article{Gaffney2022,
  author    = {Kevin P. Gaffney and Martin Prammer and Larry Brasfield and D. Richard Hipp and Dan Kennedy and Jignesh M. Patel},
  title     = {{SQLite: Past, Present, and Future}},
  journal   = {Proc. VLDB Endowment},
  volume    = {15},
  number    = {12},
  pages     = {3535--3547},
  year      = {2022},
  doi       = {10.14778/3554821.3554842}
}

@inproceedings{Corovcak2025,
  author    = {Martin Corov\v{c}\'{a}k and Pavel Koupil},
  title     = {{SQL vs NoSQL: Six Systems Compared}},
  booktitle = {Proceedings of the 20th International Conference on Evaluation of Novel Approaches to Software Engineering (ENASE)},
  pages     = {41--53},
  year      = {2025},
  doi       = {10.5220/0013217300003928}
}

@article{Gkamas2022,
  author    = {Theodosios Gkamas and Vasileios Karaiskos and Sotirios Kontogiannis},
  title     = {{Performance Evaluation of Distributed Database Strategies Using Docker as a Service for Industrial IoT Data: Application to Industry 4.0}},
  journal   = {Information},
  volume    = {13},
  number    = {4},
  pages     = {190},
  year      = {2022},
  doi       = {10.3390/info13040190}
}

@article{Pal2016,
  author    = {Mikl\'{o}s P\'{a}l and G\'{a}bor L\'{a}ner},
  title     = {{Mobile Data Synchronization Methods}},
  journal   = {Hungarian Journal of Industry and Chemistry},
  volume    = {44},
  number    = {2},
  pages     = {93--98},
  year      = {2016},
  doi       = {10.1515/hjic-2016-0011}
}

@misc{Crunchy2024,
  author    = {{Crunchy Data}},
  title     = {{Data Encryption in Postgres: A Guidebook}},
  howpublished = {\url{https://www.crunchydata.com/blog/data-encryption-in-postgres-a-guidebook}},
  note      = {Accessed May 2025},
  year      = {2024}
}

@misc{PrismaMongoEnc,
  author    = {{Prisma}},
  title     = {{MongoDB Encryption at Rest and Data Encryption Types}},
  howpublished = {\url{https://www.prisma.io/dataguide/mongodb/mongodb-encryption}},
  note      = {Accessed May 2025},
  year      = {2023}
}

@manual{CouchbaseEncryption,
  author    = {{Couchbase, Inc.}},
  title     = {{Couchbase Lite 3.x Encryption Documentation}},
  howpublished = {\url{https://docs.couchbase.com/couchbase-lite/current/android/database.html\#database-encryption}},
  note      = {Accessed May 2025},
  year      = {2023}
}

@article{Dahunsi2021,
  author    = {F. M. Dahunsi and A. J. Joseph and O. A. Sarumi and O. O. Obe},
  title     = {{Database Management System for Mobile Crowdsourcing Applications}},
  journal   = {Nigerian Journal of Technology},
  volume    = {40},
  number    = {4},
  pages     = {713--727},
  year      = {2021}
}

@article{Miryala2024,
  author    = {Naresh Kumar Miryala},
  title     = {{NoSQL Database Services in Cloud -- Overview Study}},
  journal   = {Int. J. Adv. Res. Comput. Commun. Eng.},
  volume    = {13},
  number    = {5},
  pages     = {638--645},
  year      = {2024},
  doi       = {10.17148/IJARCCE.2024.13597}
}

@online{sqlLiteDoc2025,
  author       = {{SQLite Development Team}},
  title        = {{SQLite Documentation}},
  year         = {2025},
  url          = {https://www.sqlite.org/docs.html},
  note         = {Accessed May 2, 2025}
}

@online{PostgreSQL2025,
  author       = {{The PostgreSQL Global Development Group}},
  title        = {{Encryption Options - PostgreSQL Manual}},
  year         = {2025},
  url          = {https://www.postgresql.org/docs/current/encryption-options.html},
  note         = {Accessed May 2, 2025}
}

@online{MongoDB2025,
  author       = {{MongoDB, Inc.}},
  title        = {{Encryption at Rest - MongoDB Manual}},
  year         = {2025},
  url          = {https://www.mongodb.com/docs/manual/core/security-encryption-at-rest/},
  note         = {Accessed May 2, 2025}
}

@online{CouchbaseDoc2025,
  author       = {{Couchbase, Inc.}},
  title        = {{Database Encryption - Couchbase Lite Documentation}},
  year         = {2025},
  url          = {https://docs.couchbase.com/couchbase-lite/current/android/database.html#database-encryption},
  note         = {Accessed May 2, 2025}
}

@online{FirebaseDoc2025,
  author       = {{Google LLC}},
  title        = {{Access Data Offline | Cloud Firestore}},
  year         = {2025},
  url          = {https://firebase.google.com/docs/firestore/manage-data/enable-offline},
  note         = {Accessed May 2, 2025}
}

@online{SqlLite2025,
  author       = {{SQLite Development Team}},
  title        = {{SQLite Home Page}},
  year         = {2025},
  url          = {https://www.sqlite.org/},
  note         = {Accessed May 2, 2025}
}

@online{FirebaseSecurity2025,
  author       = {{Google LLC}},
  title        = {{Get Started with Cloud Firestore Security Rules}},
  year         = {2025},
  url          = {https://firebase.google.com/docs/firestore/security/get-started},
  note         = {Accessed May 2, 2025}
}

@online{CryptoJS2024,
  title        = {CryptoJS Documentation},
  year         = {2024},
  url          = {https://cryptojs.gitbook.io/docs},
  note         = {Accessed 16~May~2025}
}

@techreport{NISTFIPS197,
  author       = {{National Institute of Standards and Technology}},
  title        = {{FIPS PUB 197: Advanced Encryption Standard (AES)}},
  institution  = {NIST},
  year         = {2001},
  url          = {https://nvlpubs.nist.gov/nistpubs/fips/nist.fips.197.pdf}
}

@techreport{RFC8018,
  author       = {Moriarty, Kathleen and Kaliski Jr., Burt},
  title        = {{PKCS \#5: Password-Based Cryptography Specification Version 2.1}},
  number       = {RFC 8018},
  institution  = {IETF},
  year         = {2017},
  url          = {https://datatracker.ietf.org/doc/html/rfc8018}
}

@online{OWASPKeyMgmt2025,
  title        = {Key Management Cheat Sheet},
  organization = {OWASP Cheat Sheet Series},
  year         = {2025},
  url          = {https://cheatsheetseries.owasp.org/cheatsheets/Key_Management_Cheat_Sheet.html},
  note         = {Accessed 16~May~2025}
}

@online{FaceAPIDocs,
  title        = {face-api.js Documentation},
  year         = {2025},
  url          = {https://justadudewhohacks.github.io/face-api.js/docs/index.html},
  note         = {Accessed 16 May 2025}
}

@online{CryptoJSDocs,
  title        = {CryptoJS Documentation},
  year         = {2025},
  url          = {https://cryptojs.gitbook.io/docs},
  note         = {Accessed 16 May 2025}
}

@online{SecurityGuide2025,
  title        = {Password Manager Security Guide},
  organization = {Project Documentation},
  year         = {2025},
  url          = {internal project file},
  note         = {Client-side AES-256 + PBKDF2 specification}
}

@online{PwdManagerFrontend2025,
  title        = {pwd-manager-frontend},
  author       = {El Halimi, Abdellah},
  year         = {2025},
  url          = {https://github.com/AbdellahElh/pwd-manager-frontend},
  note         = {Accessed 17 May 2025}
}

@online{PwdManagerBackend2025,
  title        = {pwd-manager-backend},
  author       = {El Halimi, Abdellah},
  year         = {2025},
  url          = {https://github.com/AbdellahElh/pwd-manager-backend},
  note         = {Accessed 17 May 2025}
}

@online{README2025,
  title        = {Web Browser Password Manager with Face Authentication — README},
  author       = {El Halimi, Abdellah},
  year         = {2025},
  url          = {internal project file},
  note         = {Project overview and feature list}
}

@online{SECURITYGuide,
  title        = {Password Manager Security Guide},
  author       = {El Halimi, Abdellah},
  year         = {2025},
  url          = {internal project file},
  note         = {Detailed encryption and biometric security design}
}

@Article{Mai2019,
  author       = {Mai, Guangcan and Cao, Kai and Yuen, Pong C. and Jain, Anil K.},
  date         = {2019-05},
  journaltitle = {IEEE Transactions on Pattern Analysis and Machine Intelligence},
  title        = {On the reconstruction of face images from deep face templates},
  doi          = {10.1109/TPAMI.2018.2827389},
  issn         = {0162-8828},
  number       = {5},
  pages        = {1188--1202},
  volume       = {41},
  publisher    = {IEEE},
}

@InProceedings{Dong2021,
  author    = {Dong, Xingbo and Jin, Zhe and Guo, Zhenhua and Teoh, Andrew Beng Jin},
  title     = {Towards generating high definition face images from deep templates},
  booktitle = {2021 International Conference of the Biometrics Special Interest Group (BIOSIG)},
  date      = {2021-09},
  pages     = {1--11},
  doi       = {10.1109/BIOSIG52210.2021.9548281},
  publisher = {IEEE},
}

@InProceedings{Fredrikson2015,
  author    = {Fredrikson, Matt and Jha, Somesh and Ristenpart, Thomas},
  title     = {Model Inversion Attacks that Exploit Confidence Information and Basic Countermeasures},
  booktitle = {Proceedings of the 22nd ACM SIGSAC Conference on Computer and Communications Security (CCS)},
  date      = {2015-10},
  pages     = {1322--1333},
  doi       = {10.1145/2810103.2813677},
  publisher = {ACM},
}

@InProceedings{Zhang2020,
  author    = {Zhang, Yuheng and Jia, Ruoxi and Pei, Hengzhi and Wang, Wenxiao and Li, Bo and Song, Dawn},
  title     = {The secret revealer: Generative model-inversion attacks against deep neural networks},
  booktitle = {2020 IEEE/CVF Conference on Computer Vision and Pattern Recognition (CVPR)},
  date      = {2020-06},
  pages     = {250--258},
  doi       = {10.1109/CVPR42600.2020.00033},
  publisher = {IEEE},
}

@Article{Rathgeb2011,
  author       = {Rathgeb, Christian and Uhl, Andreas},
  date         = {2011-09},
  journaltitle = {EURASIP Journal on Information Security},
  title        = {A survey on biometric cryptosystems and cancelable biometrics},
  doi          = {10.1186/1687-417X-2011-3},
  issn         = {1687-417X},
  number       = {1},
  volume       = {2011},
  publisher    = {Springer},
}

@Article{Abdullahi2024,
  author       = {Abdullahi, Sani M. and Sun, Shuifa and Wang, Beng and Wei, Ning and Wang, Honggang},
  date         = {2024},
  journaltitle = {Information Fusion},
  title        = {Biometric Template Attacks and Recent Protection Mechanisms: A Survey},
  doi          = {10.1016/j.inffus.2023.102144},
  issn         = {1566-2535},
  pages        = {102144},
  volume       = {103},
  publisher    = {Elsevier}
}

@Article{Patel2015,
  author       = {Patel, Vishal M. and Ratha, Nalini K. and Chellappa, Rama},
  date         = {2015-09},
  journaltitle = {IEEE Signal Processing Magazine},
  title        = {Cancelable Biometrics: A Review},
  doi          = {10.1109/MSP.2015.2441711},
  issn         = {1053-5888},
  number       = {5},
  pages        = {54--65},
  volume       = {32},
  publisher    = {IEEE}
}

@Article{Geer2022,
  author       = {Geer, David},
  date         = {2022-06},
  journaltitle = {Communications of the ACM},
  title        = {Cybercriminals Eye Biometrics},
  issn         = {0001-0782},
  url          = {https://cacm.acm.org/news/261361-cybercriminals-eye-biometrics},
  note         = {News},
  urldate      = {2025-05}
}

@Online{SEON2024,
  author       = {{SEON}},
  date         = {2024},
  title        = {Everything You Need to Know About Biometrics Hacking},
  url          = {https://seon.io/resources/biometrics-hacking/},
  note         = {Security blog article},
  urldate      = {2025-05}
}

@Online{GroupIB2024,
  author       = {{Group-IB}},
  date         = {2024-02},
  title        = {We identified iOS trojan stealing facial recognition data},
  url          = {https://www.group-ib.com/blog/goldfactory-ios-trojan/},
  note         = {Group-IB Threat Research Blog},
  urldate      = {2025-05}
}

@misc{MicrosoftHelloDocs,
  author       = {{Microsoft Corporation}},
  title        = {Windows Hello biometrics in the enterprise},
  year         = {2021},
  url          = {https://learn.microsoft.com/en-us/windows/security/identity-protection/hello-for-business/hello-biometrics-in-enterprise},
  note         = {Accessed: 2025-05-28}
}

@misc{BentoFaceID,
  author       = {{Bento Security}},
  title        = {How secure is Face ID?},
  year         = {2023},
  url          = {https://docs.bentosecurity.com/face-id-security},
  note         = {Accessed: 2025-05-28}
}

@misc{ParavisionFRVT,
  author       = {{Paravision}},
  title        = {Paravision ranks \#1 globally in U.S. NIST FRVT 1:1 evaluation},
  year         = {2021},
  url          = {https://www.paravision.ai/blog/paravision-ranks-1-globally-in-u-s-nist-frvt-1-1-evaluation},
  note         = {Accessed: 2025-05-28}
}

@article{IJCAFace,
  author       = {Singh, Jasbir and Kaur, Harmeet},
  title        = {A Survey on Face Recognition Techniques under Unconstrained Environments},
  journal      = {International Journal of Computer Applications},
  year         = {2021},
  volume       = {183},
  number       = {9},
  pages        = {47--55},
  doi          = {10.5120/ijca2021921444},
  publisher    = {Foundation of Computer Science (FCS)}
}




@Comment{jabref-meta: databaseType:biblatex;}
