% Encoding: UTF-8

@Article{Castles1993,
  author       = {Castles, Anne and Coltheart, Max},
  date         = {1993-05},
  journaltitle = {Cognition},
  title        = {Varieties of developmental dyslexia},
  doi          = {10.1016/0010-0277(93)90003-e},
  issn         = {0010-0277},
  number       = {2},
  pages        = {149--180},
  volume       = {47},
  publisher    = {Elsevier BV},
}

{Farokhi2016,
%   author       = {Farokhi, Sajad and Flusser, Jan and Ullah Sheikh, Usman},
%   date         = {2016-08},
%   journaltitle = {Computer Science Review},
%   title        = {Near infrared face recognition: A literature survey},
%   doi          = {10.1016/j.cosrev.2016.05.003},
%   issn         = {1574-0137},
%   pages        = {1--17},
%   volume       = {21},
%   publisher    = {Elsevier BV},
% }

@Article{Bowyer2006,
  author       = {Bowyer, Kevin W. and Chang, Kyong and Flynn, Patrick},
  date         = {2006-01},
  journaltitle = {Computer Vision and Image Understanding},
  title        = {A survey of approaches and challenges in 3D and multi-modal 3D+2D face recognition},
  doi          = {10.1016/j.cviu.2005.05.005},
  issn         = {1077-3142},
  number       = {1},
  pages        = {1--15},
  volume       = {101},
  publisher    = {Elsevier BV},
}

@InProceedings{Bhatt2011,
  author    = {Bhatt, Himanshu S. and Bharadwaj, Samarth and Vatsa, Mayank and Singh, Richa and Ross, Arun and Noore, Afzel},
  booktitle = {2011 International Joint Conference on Biometrics (IJCB)},
  date      = {2011-10},
  title     = {A framework for quality-based biometric classifier selection},
  doi       = {10.1109/ijcb.2011.6117518},
  publisher = {IEEE},
}

@Online{Addy2015,
  author  = {Addy, Osmani},
  date    = {2015-12},
  editor  = {Google},
  title   = {Getting started with Progressive Web Apps},
  url     = {https://developer.chrome.google.cn/blog/getting-started-pwa},
  urldate = {2024-05},
}

@Article{Pant2022,
  author       = {Pant, Piyush and Rajawat, Anand Singh and Goyal, S.B. and Bedi, Pradeep and Verma, Chaman and Raboaca, Maria Simona and Enescu, Florentina Magda},
  date         = {2022},
  journaltitle = {Procedia Computer Science},
  title        = {Authentication and Authorization in Modern Web Apps for Data Security Using Nodejs and Role of Dark Web},
  doi          = {10.1016/j.procs.2022.12.080},
  issn         = {1877-0509},
  pages        = {781--790},
  volume       = {215},
  publisher    = {Elsevier BV},
}

{React2013,
%   author  = {Walke, Jordan},
%   date    = {2013-05},
%   editor  = {React},
%   title   = {Quick Start},
%   url     = {https://react.dev/learn},
%   note    = {Currently, React has over a thousand open source contributors.},
%   urldate = {2024-05},
% }

@Article{Gandikota2023,
  author       = {Gandikota, Prasanth Satya Sai Kiran and Valluri, Deekshitha and Mundru, Sathvik Babu and Yanala, Gopi Krishna and Sushaini, S},
  date         = {2023},
  journaltitle = {Procedia Computer Science},
  title        = {Web Application Security through Comprehensive Vulnerability Assessment},
  doi          = {10.1016/j.procs.2023.12.072},
  issn         = {1877-0509},
  pages        = {168--182},
  urldate      = {2024-05},
  volume       = {230},
  publisher    = {Elsevier BV},
}

@Article{Ezugwu2023,
  author       = {Ezugwu, Assumpta and Ukwandu, Elochukwu and Ugwu, Celestine and Ezema, Modesta and Olebara, Comfort and Ndunagu, Juliana and Ofusori, Lizzy and Ome, Uchenna},
  date         = {2023-09},
  journaltitle = {Scientific African},
  title        = {Password-based authentication and the experiences of end users},
  doi          = {10.1016/j.sciaf.2023.e01743},
  issn         = {2468-2276},
  pages        = {e01743},
  volume       = {21},
  publisher    = {Elsevier BV},
}

@Article{ElSayed2015,
  author       = {El-Sayed, Mohamed A. and Hamed, Kadry},
  date         = {2015},
  journaltitle = {Journal of Software Engineering and Applications},
  title        = {Study of Similarity Measures with Linear Discriminant Analysis for Face Recognition},
  doi          = {10.4236/jsea.2015.89046},
  issn         = {1945-3124},
  number       = {09},
  pages        = {478--488},
  volume       = {08},
  publisher    = {Scientific Research Publishing, Inc.},
}

@WWW{Firebase2011,
  author   = {Tamplin, James and Lee, Andrew},
  date     = {2011},
  title    = {Firebase Authentication},
  url      = {https://firebase.google.com/docs/auth},
  note     = {custom authentication},
  subtitle = {Custom auth system integration},
  urldate  = {2024-05},
}

@Article{Aktar2020,
  author       = {Aktar, Mousumi and Rana, Md. Masud and Sarker, Nayan and Hossain, Md. Sanwar},
  date         = {2020},
  journaltitle = {Journal of Sensor Technology},
  title        = {Comparative Analysis on Antenna Balun and Feeding Techniques of Step Constant Tapered Slot Antenna},
  doi          = {10.4236/jst.2020.103003},
  issn         = {2161-1238},
  number       = {03},
  pages        = {31--45},
  volume       = {10},
  publisher    = {Scientific Research Publishing, Inc.},
}

@Online{Brewer2023,
  author       = {Brewer, Judy and Henry, Shawn, Lawton},
  date         = {2023-09-21},
  editor       = {W3C},
  title        = {Web Content Accessibility Guidelines (WCAG) 2.1},
  url          = {https://www.w3.org/TR/WCAG21/},
  organization = {WAI},
  urldate      = {2024-05},
}

@Book{Lazar2015,
  author = {Lazar, Jonathan and Goldstein, Daniel and Taylor, Anne},
  date   = {2015},
  title  = {Ensuring Digital Accessibility through Process and Policy},
  pages  = {1-19},
}

@Article{Bahia2024,
  author       = {Bahia, Yahya-Zoubir and Meriem, Fedila and Messaoud, Bengherabi},
  date         = {2024-04},
  journaltitle = {Engineering Applications of Artificial Intelligence},
  title        = {Face spoofing detection using Heterogeneous Auto-Similarities of Characteristics},
  doi          = {10.1016/j.engappai.2023.107788},
  issn         = {0952-1976},
  pages        = {107788},
  volume       = {130},
  publisher    = {Elsevier BV},
}

@InProceedings{Bonneau2012,
  author    = {Bonneau, Joseph and Herley, Cormac and Oorschot, Paul C. van and Stajano, Frank},
  booktitle = {2012 IEEE Symposium on Security and Privacy},
  date      = {2012-05},
  title     = {The Quest to Replace Passwords: A Framework for Comparative Evaluation of Web Authentication Schemes},
  doi       = {10.1109/sp.2012.44},
  publisher = {IEEE},
}

@Online{Rochford2014,
  author   = {Rochford, John},
  date     = {2014-12},
  editor   = {clearhelper.blog},
  title    = {Online Security and Privacy for People with Cognitive Disabilities: Challenges and Solutions},
  url      = {https://clearhelper.blog/2014/12/01/online-security-privacy-for-people-with-cognitive-disabilities-challenges-solutions/},
  subtitle = {Challenges for People with Cognitive Disabilities},
  urldate  = {2024-05},
}

@Article{Kuznetsov2024,
  author       = {Kuznetsov, Oleksandr and Zakharov, Dmytro and Frontoni, Emanuele and Maranesi, Andrea},
  date         = {2024-06},
  journaltitle = {Computers amp; Security},
  title        = {AttackNet: Enhancing biometric security via tailored convolutional neural network architectures for liveness detection},
  doi          = {10.1016/j.cose.2024.103828},
  issn         = {0167-4048},
  pages        = {103828},
  volume       = {141},
  publisher    = {Elsevier BV},
}

@Thesis{FirebaseBackend2022,
  author = {Szekér, Ruben},
  title  = {Kostenefficiënte implementaties van standaard functionaliteiten binnen (web) applicaties met een Firebase backend},
  note   = {Cost Efficiency of Firebase as a Backend Service},
  url    = {https://thesis.hogent.be/2021-2022/985_201745721_PBA-TIN2_scriptie.pdf},
  school = {Hogeschool Gent},
  year   = {2022},
}

@Book{Jain2008,
  author    = {Jain, Anil K. and Flynn, Patrick and Ross, Arun A.},
  date      = {2008},
  title     = {Handbook of Biometrics},
  chapter   = {3},
  pages     = {43-70},
  publisher = {Springer Science+Business Media},
  location  = {New York, NY},
  isbn      = {978-0-387-71040-2},
}

{Allen2023,
%   author  = {Allen, John and Kelleher, Caitlin},
%   title   = {React example viability for efficient API learning (REVEAL): A tool to help programmers utilize incompatible code examples in React.js},
%   doi     = {10.1016/j.cola.2023.101201},
%   pages   = {1-4},
%   url     = {https://doi.org/10.1016/j.cola.2023.101201},
%   volume  = {75},
%   journal = {Journal of Computer Languages},
%   year    = {2023},
% }

@Thesis{VanSchepdael2023,
  author      = {Van Schepdael, Janne},
  date        = {2023},
  institution = {University of Applied Sciences and Arts},
  title       = {Van idee tot implementatie in Angular en React: Een vergelijkende studie met proof of concept},
  type        = {Bachelor's thesis},
  chapter     = {2},
  language    = {Dutch},
  note        = {From Idea to Implementation in Angular and React: A Comparative Study with Proof of Concept},
  pages       = {2.1.2},
  subtitle    = {React},
  url         = {https://thesis.hogent.be/2022-2023/1433_201753081_PBA-TIN_scriptie.pdf},
  urldate     = {2024-05},
}

@Thesis{DyslexiaThesis2023,
  author      = {Al Asmar, Masarrat and Willems, Daniëlle},
  date        = {2020},
  institution = {University of Ghent},
  title       = {(Jong)volwassenen met dyslexie en/of dyscalculie in transitie naar de arbeidsmarkt},
  type        = {bathesis},
  language    = {Dutch},
  note        = {Section 1.1 Dyslexie en/of dyscalculie},
  url         = {https://thesis.hogent.be/2019-2020/1140_201641037_PBA-LA_scriptie.pdf},
  urldate     = {2024-05},
  note = {Young Adults with Dyslexia and/or Dyscalculia in Transition to the Labor Market},
}

@Article{Sarkar2020,
  author       = {Sarkar, Arpita and Singh, Binod K.},
  date         = {2020-07},
  journaltitle = {Multimedia Tools and Applications},
  title        = {A review on performance, security and various biometric template protection schemes for biometric authentication systems},
  doi          = {10.1007/s11042-020-09197-7},
  issn         = {1573-7721},
  number       = {37–38},
  pages        = {27721--27776},
  volume       = {79},
  publisher    = {Springer Science and Business Media LLC},
}

@Article{Furnell2022,
  author       = {Furnell, Steven and Helkala, Kirsi and Woods, Naomi},
  date         = {2022-02},
  journaltitle = {Computers and Security},
  title        = {Accessible authentication: Assessing the applicability for users with disabilities},
  doi          = {10.1016/j.cose.2021.102561},
  issn         = {0167-4048},
  pages        = {102561},
  volume       = {113},
  publisher    = {Elsevier BV},
}

@Article{Gorman2003,
  author       = {O’Gorman, L.},
  date         = {2003-12},
  journaltitle = {Proceedings of the IEEE},
  title        = {Comparing passwords, tokens, and biometrics for user authentication},
  doi          = {10.1109/jproc.2003.819611},
  issn         = {0018-9219},
  number       = {12},
  pages        = {2021--2040},
  volume       = {91},
  publisher    = {Institute of Electrical and Electronics Engineers (IEEE)},
}

@InProceedings{Farid2019,
  author    = {Farid, Farnaz and Ahamed, Farhad},
  booktitle = {2019 International Conference on Electrical Engineering Research and Practice (ICEERP)},
  date      = {2019-11},
  title     = {Biometric Authentication for Dementia Patients with Recurrent Neural Network},
  doi       = {10.1109/iceerp49088.2019.8956981},
  pages     = {1--6},
  publisher = {IEEE},
}

@Thesis{Renaud2020,
  author      = {Renaud, Karen and Johnson, Graham and Ophoff, Jacques},
  date        = {2020-06},
  institution = {School of Design and Informatics, Abertay University, Dundee},
  title       = {Dyslexia and Password Usage: Accessibility in Authentication Design},
  type        = {bathesis},
  pages       = {259--268},
}

@InProceedings{Ophoff2021,
  author     = {Ophoff, Jacques and Johnson, Graham and Renaud, Karen},
  booktitle  = {Proceedings of the 18th International Web for All Conference},
  date       = {2021-04},
  title      = {Cognitive function vs. accessible authentication: insights from dyslexia research},
  doi        = {10.1145/3430263.3452427},
  pages      = {1--5},
  publisher  = {ACM},
  series     = {W4A ’21},
  collection = {W4A ’21},
}

@online{IALabs2024,
  author = {{IA Labs}},
  title = {Accessibility Challenges in MFA},
  year = {2024},
  url = {https://ialabs.ie/accessibility-challenges-in-mfa/},
  urldate = {2024-12-16},
  organization = {IA Labs},
  note = {Last retrieved at: 2024-12-16}
}

@Article{Distante2022,
  author       = {Distante, Cosimo and Fineo, Laura and Mainetti, Luca and Manco, Luigi and Taccardi, Benito and Vergallo, Roberto},
  date         = {2022-08},
  journaltitle = {Journal of Risk and Financial Management},
  title        = {HF-SCA: Hands-Free Strong Customer Authentication Based on a Memory-Guided Attention Mechanisms},
  doi          = {10.3390/jrfm15080342},
  issn         = {1911-8074},
  number       = {8},
  pages        = {342},
  urldate      = {2024-12-16},
  volume       = {15},
  publisher    = {MDPI AG},
}

@Article{Dominguez2017,
  author       = {Domínguez, César and Heras, Jónathan and Pascual, Vico},
  date         = {2017-05},
  journaltitle = {Computers in Biology and Medicine},
  title        = {IJ-OpenCV: Combining ImageJ and OpenCV for processing images in biomedicine},
  doi          = {10.1016/j.compbiomed.2017.03.027},
  issn         = {0010-4825},
  pages        = {189--194},
  volume       = {84},
  publisher    = {Elsevier BV},
}

@InProceedings{Zhang2020,
  author    = {Zhang, Dujuan and Li, Jie and Shan, Zhenfang},
  booktitle = {2020 International Conference on Robots and Intelligent System (ICRIS)},
  date      = {2020-11},
  title     = {Implementation of Dlib Deep Learning Face Recognition Technology},
  doi       = {10.1109/icris52159.2020.00030},
  pages     = {88--91},
  publisher = {IEEE},
}

@online{Vageele2024,
  author = {Vageele, Neeraj},
  title = {Build your own face recognition web app using face-api.js},
  year = {2024},
  url = {https://medium.com/@neerajvageele451/build-your-own-face-recognition-web-app-using-face-api-js-7982cd4a8bdb},
  urldate = {2024-12-16},
  organization = {Medium},
  note = {Last retrieved at: 2024-12-16},
  keywords = {face recognition, web app, face-api.js, JavaScript},
}

@Comment{jabref-meta: databaseType:biblatex;}
